@misc{d3,
  author       = {Mike Bostock},
  title        = {D3.js - Data-Driven Documents},
  year         = {2011},
  howpublished = {\url{https://d3js.org/}},
  note         = {Accessed on 2024-12-11}
}

@misc{nominatim,
  author       = {OpenStreetMap Contributors},
  title        = {Nominatim Geocoding Tool},
  year         = {n.d.},
  howpublished = {\url{https://nominatim.org/}},
  note         = {Accessed: 2024-12-11}
}

@misc{oldest_olympian,
  author       = {Oldest.org},
  title        = {10 Oldest Olympians in History},
  year         = {n.d.},
  howpublished = {\url{https://www.oldest.org/sports/olympians/}},
  note         = {Accessed: 2024-12-11}
}

@misc{olympic_19862022,
  author       = {Petro Ivaniuk},
  title        = {Olympic Games Medals 1986-2022 Dataset},
  year         = {2022},
  howpublished = {\url{https://www.kaggle.com/datasets/piterfm/olympic-games-medals-19862018}},
  note         = {Accessed: 2024-12-11}
}

@misc{olympics,
  author       = {{International Olympic Committee}},
  title        = {Olympics Official Website},
  year         = {2024},
  howpublished = {\url{https://olympics.com/}},
  note         = {Accessed on 2024-12-11}
}

@misc{youngest_olympian,
  author       = {USA Today Sports},
  title        = {Who is the youngest Olympian?},
  year         = {2022},
  howpublished = {\url{https://eu.usatoday.com/story/sports/olympics/2022/11/24/who-is-youngest-olympian/10380713002/}},
  note         = {Accessed: 2024-12-11}
}
